@article
{
	web_takin,
	author = {Weber, Tobias},
	title = {{Takin (Software)}},
	doi = {10.5281/zenodo.4117437},
	year = {2014-2021},
	publisher = {Zenodo},
}
